@article{servprog,
  title     = {{Serverless Programming (Function as a Service)}},
  author    = {{Paul Castro, Vatche Ishakian, Vinod Muthusamy, Aleksander Slominski}},
  year      = {2017},
  journal   = {{IEEE 37th International Conference on Distributed Computing Systems}},
  publisher = {{IEEE}}
}
